@book{halili2008jemeter,
  title={Apache JMeter: A practical beginner's guide to automated testing and performance measurement for your websites},
  author={Halili, Emily H},
  year={2008},
  publisher={Packt Publishing Ltd}
}

@misc{Integrated_development_environment,
  title = "Integrated evelopment environment",
  howpublished = "\url{https://en.wikipedia.org/wiki/Integrated_development_environment}",
  language = {en},
  urldate = {2019-08-20}
}

@misc{Binary_large_object,
  title = "Binary Large OBject(BLOB)",
  howpublished = "\url{https://en.wikipedia.org/wiki/Binary_large_object}",
  language = {en},
  urldate = {2019-08-20}
}

@misc{Content_delivery_network,
  title = "Content delivery network",
  howpublished = "\url{https://en.wikipedia.org/wiki/Content_delivery_network}",
  language = {en},
  urldate = {2019-08-20}
}

@misc{GitHub,
  title = "Git Hub",
  howpublished = "\url{https://github.com}",
  language = {en},
  urldate = {2019-08-20}
}

@misc{Ide_introduction,
  title = "Integrated development environment(IDE)",
  howpublished = "\url{https://en.wikipedia.org/wiki/Integrated_development_environment}",
  language = {en},
  urldate = {2019-08-20}
}

@misc{Gitpod,
  title = "Introduction of Gitpod",
  howpublished = "\url{https://www.gitpod.io/about/}",
  language = {en},
  urldate = {2019-08-20}
}

@misc{SourceGraph,
  title = "Introduction of SourceGraph",
  howpublished = "\url{https://about.sourcegraph.com}",
  language = {en},
  urldate = {2019-08-20}
}

@misc{zgrepcode,
  title = "zgrepcode",
  howpublished = "\url{https://zgrepcode.com/}",
  language = {en},
  urldate = {2019-03-20}
}

@misc{java-execution-process,
  title = "Execution process of Java program in detail",
  howpublished = "\url{http://bit.ly/2TWxqkF}",
  language = {en},
  urldate = {2019-08-20}
}

@misc{parsing-in-java,
  title = "Parsing in Java",
  howpublished = "\url{https://tomassetti.me/parsing-in-java/}",
  language = {en},
  urldate = {2019-08-20}
}

@misc{AnnoFlex,
  title = "AnnoFlex",
  howpublished = "\url{https://tomassetti.me/parsing-in-java/}",
  language = {en},
  urldate = {2019-08-20}
}

@misc{Antlr,
  title = "Antlr",
  howpublished = "\url{https://tomassetti.me/parsing-in-java/}",
  language = {en},
  urldate = {2019-08-20}
}

@misc{JavaParser,
  title = "JavaParser",
  howpublished = "\url{https://javaparser.org/}",
  language = {en},
  urldate = {2019-08-20}
}

@misc{syntaxhighlighter,
  title = "Syntax Highlighter",
  howpublished = "\url{https://github.com/syntaxhighlighter/syntaxhighlighter}",
  language = {en},
  urldate = {2019-08-20}
}

@misc{codemirror,
  title = "CodeMirror",
  howpublished = "\url{http://codemirror.net/}",
  language = {en},
  urldate = {2019-08-20}
}

@misc{code-prettify,
  title = "Code Prettify",
  howpublished = "\url{https://github.com/google/code-prettify}",
  language = {en},
  urldate = {2019-08-20}
}


@book{learningJava_2013,
  author={Daniel Leuck, Patrick Niemeyer},
	title = {Learning Java, 4th Edition},
  publisher={O'Reilly Media, Inc.},
  year={2013},
}

@misc{AST_introduction,
  title = "Abstract Syntax Tree",
  howpublished = "\url{https://en.wikipedia.org/wiki/Abstract_syntax_tree}",
  language = {en},
  urldate = {2019-08-20}
}

@misc{AWSEC2,
  title = "AWS EC2",
  howpublished = "\url{https://docs.aws.amazon.com/AWSEC2/latest/UserGuide/concepts.html}",
  language = {en},
  urldate = {2019-08-20}
}

@misc{AWSEBS,
  title = "AWS EBS",
  howpublished = "\url{https://aws.amazon.com/ebs/}",
  language = {en},
  urldate = {2019-08-20}
}

@misc{ebs-efs-amazons3,
  title = "EBS, EFS, S3: Best cloud storage system",
  howpublished = "\url{https://cloud.netapp.com/blog/ebs-efs-amazons3-best-cloud-storage-system}",
  language = {en},
  urldate = {2019-08-20}
}

@misc{amazons3,
  title = "Amazon S3",
  howpublished = "\url{https://aws.amazon.com/s3/}",
  language = {en},
  urldate = {2019-08-20}
}

@misc{lambda,
  title = "AWS Lambda",
  howpublished = "\url{https://aws.amazon.com/lambda/}",
  language = {en},
  urldate = {2019-08-20}
}

@misc{api-gateway,
  title = "Amazon API Gateway",
  howpublished = "\url{https://aws.amazon.com/api-gateway/}",
  language = {en},
  urldate = {2019-08-20}
}

@misc{Continuous_integration,
  title = "Continuous Integration",
  howpublished = "\url{https://en.wikipedia.org/wiki/Continuous_integration}",
  language = {en},
  urldate = {2019-08-20}
}

@misc{performance_testing,
  title = "Software performance testing",
  howpublished = "\url{https://en.wikipedia.org/wiki/Software_performance_testing}",
  language = {en},
  urldate = {2019-08-20}
}

@misc{Apache_JMeter,
  title = "Apache JMeter",
  howpublished = "\url{https://en.wikipedia.org/wiki/Apache_JMeter}",
  language = {en},
  urldate = {2019-08-20}
}

@misc{Scrum,
  title = "Scrum (software development)",
  howpublished = "\url{https://en.wikipedia.org/wiki/Scrum_(software_development)}",
  language = {en},
  urldate = {2019-08-20}
}

@misc{Waterfall_model,
  title = "Waterfall Model",
  howpublished = "\url{https://en.wikipedia.org/wiki/Waterfall_model}",
  language = {en},
  urldate = {2019-08-20}
}

@misc{jira,
  title = "Jira Software",
  howpublished = "\url{https://www.atlassian.com/software/jira}",
  language = {en},
  urldate = {2019-08-20}
}

@misc{ojn-releases,
  title = "Releases of Online Java Navigator",
  howpublished = "\url{https://github.com/DnsZhou/online-Java-navigator/releases}",
  language = {en},
  urldate = {2019-08-20}
}

@misc{aws-ebs-pricing,
  title = "AWS EBS Pricing",
  howpublished = "\url{https://n2ws.com/blog/ebs-snapshot/aws-ebs-pricing-hdd-and-ssd}",
  language = {en},
  urldate = {2019-08-20}
}

@misc{aws-s3-costs,
  title = "AWS S3 Costs to Save",
  howpublished = "\url{https://blog.cloudability.com/aws-s3-understanding-cloud-storage-costs-to-save/}",
  language = {en},
  urldate = {2019-08-20}
}

@book{smith_javaparser:_2016,
	title = {{JavaParser}: {Visited}},
	shorttitle = {{JavaParser}},
	url = {https://leanpub.com/javaparservisited},
	abstract = {In this book key contributors to the JavaParser library teach you how to programmatically analyse, transform and generate your java code base. The first part of the book aims to introduce you to the basics of the library before the team take you through a more detailed look at some of their favourite applications of the library.},
	language = {eng},
	urldate = {2019-08-22},
	publisher = {Leanpub},
	author = {Smith, Nicholas and Bruggen, Danny van and Tomassetti, Federico},
	month = nov,
	year = {2016},
	file = {Snapshot:C\:\\Users\\Dennis Zhou\\Zotero\\storage\\BFJHZYNC\\javaparservisited.html:text/html}
}

@book{huizinga2007automated,
  title={Automated defect prevention: best practices in software management},
  author={Huizinga, Dorota and Kolawa, Adam},
  year={2007},
  publisher={John Wiley \& Sons}
}

@book{basu2015software,
  title={Software quality assurance, testing and metrics},
  author={Basu, Anirban},
  year={2015},
  publisher={PHI Learning Pvt. Ltd.}
}